@misc{web:wiki:Joystick,
	author = "Wikipedia",
	title = "{Joystick} --- {W}ikipedia{,} The Free Encyclopedia",
	year = "2023",
	note = "https://en.wikipedia.org/wiki/Joystick",
	note = "[Online; accessed 17-July-2023]"
}